@techreport{ilprints646,
          number = {2004-25},
           month = {March},
          author = {Zoltan Gyongyi and Hector Garcia-Molina},
           title = {Web Spam Taxonomy},
            type = {Technical Report},
       publisher = {Stanford},
     institution = {Stanford InfoLab},
            year = {2004},
        keywords = {web search, web spam},
             url = {http://ilpubs.stanford.edu:8090/646/},
        abstract = {Web spamming refers to actions intended to mislead search engines and give some pages higher ranking than they deserve. Recently, the amount of web spam has increased dramatically, leading to a degradation of search results. This paper presents a comprehensive taxonomy of current spamming techniques, which we believe can help in developing appropriate countermeasures.}
}

@article{Spirin:2012:SWS:2207243.2207252,
 author = {Spirin, Nikita and Han, Jiawei},
 title = {Survey on Web Spam Detection: Principles and Algorithms},
 journal = {SIGKDD Explor. Newsl.},
 issue_date = {December 2011},
 volume = {13},
 number = {2},
 month = may,
 year = {2012},
 issn = {1931-0145},
 pages = {50--64},
 numpages = {15},
 url = {http://doi.acm.org/10.1145/2207243.2207252},
 doi = {10.1145/2207243.2207252},
 acmid = {2207252},
 publisher = {ACM},
 address = {New York, NY, USA},
 keywords = {classification, cloaking, clustering, collusion, content spam, graph regularization, labels propagation, link farm, link spam, pagerank, random walk, user behaviour, web search, web spam detection},
} 
