@inproceedings{Gyongyi:2004:CWS:1316689.1316740,
 author = {Gy\"{o}ngyi, Zolt\'{a}n and Garcia-Molina, Hector and Pedersen, Jan},
 title = {Combating Web Spam with Trustrank},
 booktitle = {Proceedings of the Thirtieth International Conference on Very Large Data Bases - Volume 30},
 series = {VLDB '04},
 year = {2004},
 isbn = {0-12-088469-0},
 location = {Toronto, Canada},
 pages = {576--587},
 numpages = {12},
 url = {http://dl.acm.org/citation.cfm?id=1316689.1316740},
 acmid = {1316740},
 publisher = {VLDB Endowment},
} 