@inproceedings{Cheng:2011:LWS:1935826.1935902,
 author = {Cheng, Zhicong and Gao, Bin and Sun, Congkai and Jiang, Yanbing and Liu, Tie-Yan},
 title = {Let Web Spammers Expose Themselves},
 booktitle = {Proceedings of the Fourth ACM International Conference on Web Search and Data Mining},
 series = {WSDM '11},
 year = {2011},
 isbn = {978-1-4503-0493-1},
 location = {Hong Kong, China},
 pages = {525--534},
 numpages = {10},
 url = {http://doi.acm.org/10.1145/1935826.1935902},
 doi = {10.1145/1935826.1935902},
 acmid = {1935902},
 publisher = {ACM},
 address = {New York, NY, USA},
 keywords = {anti-spam, forum mining, semi-supervised learning},
}

@inproceedings{Ghiam:2013cloaking,
 author = {Ghiam, Shekoofeh  and Pour, Alireza Nemaney },
 title = {Detecting Cloaking Web Spam Using Hash Function},
 booktitle = {Computer Science and Information Technology},
 year = {2013},
 pages = {33--40},
 numpages = {7},
 series = {vol. 1},
 doi = {10.13189/csit.2013.010104},
 publisher = {Horizon Research},
 keywords = {Cloaking, Hash Function, Precision, Recall, Web Spam},
}